<record><leader>00000cas a22000007a 4500</leader><controlfield tag="001">28196427</controlfield><controlfield tag="008">930602d19uu19uunmuwr ne      0    0eng d</controlfield><datafield ind1=" " ind2=" " tag="010"><subfield code="a">sn 93061520 </subfield></datafield><datafield ind1=" " ind2=" " tag="040"><subfield code="a">NVM</subfield><subfield code="b">eng</subfield><subfield code="c">NVM</subfield><subfield code="d">OCLCQ</subfield><subfield code="d">OCLCO</subfield></datafield><datafield ind1="1" ind2=" " tag="029"><subfield code="a">AU@</subfield><subfield code="b">000025868545</subfield></datafield><datafield ind1=" " ind2=" " tag="042"><subfield code="a">msc</subfield></datafield><datafield ind1=" " ind2=" " tag="043"><subfield code="a">n-us-nm</subfield></datafield><datafield ind1="0" ind2="4" tag="245"><subfield code="a">The Endee enterprise.</subfield></datafield><datafield ind1=" " ind2=" " tag="260"><subfield code="a">Endee, N.M. :</subfield><subfield code="b">C.C. Hixon</subfield></datafield><datafield ind1=" " ind2=" " tag="300"><subfield code="a">v.</subfield></datafield><datafield ind1=" " ind2=" " tag="310"><subfield code="a">Weekly</subfield></datafield><datafield ind1="1" ind2=" " tag="362"><subfield code="a">Began in 1910.</subfield><subfield code="z">Cf. Grove, Pearce S. /New Mexico newspapers.</subfield></datafield><datafield ind1=" " ind2=" " tag="530"><subfield code="a">Also on microfilm: El Paso, Tex. : Southwest Micropublishing, Inc.</subfield></datafield><datafield ind1=" " ind2=" " tag="580"><subfield code="a">"Successor to The Rock Island Clipper."</subfield></datafield><datafield ind1=" " ind2=" " tag="588"><subfield code="a">Description based on: Vol. 3, no. 18 (Jan. 4, 1912).</subfield></datafield><datafield ind1=" " ind2="0" tag="651"><subfield code="a">Endee (N.M.)</subfield><subfield code="v">Newspapers.</subfield></datafield><datafield ind1=" " ind2="0" tag="651"><subfield code="a">Quay County (N.M.)</subfield><subfield code="v">Newspapers.</subfield></datafield><datafield ind1=" " ind2=" " tag="752"><subfield code="a">United States</subfield><subfield code="b">New Mexico</subfield><subfield code="c">Quay</subfield><subfield code="d">Endee.</subfield></datafield><datafield ind1="0" ind2="0" tag="780"><subfield code="t">Rock Island clipper</subfield></datafield><datafield ind1="0" ind2="4" tag="785"><subfield code="t">Tribune-Progress (Rock Island, N.M. : 1915)</subfield><subfield code="w">(DLC)sn 92070704</subfield></datafield></record>